<?xml version="1.0" encoding="utf-8"?>
<record xmlns="http://www.loc.gov/MARC21/slim" xmlns:xsi="http://www.w3.org/2001/XMLSchema-instance" xsi:schemaLocation="http://www.loc.gov/MARC21/slim http://www.loc.gov/standards/marcxml/schema/MARC21slim.xsd">
	<leader>     nam a22        4500</leader>
	<controlfield tag="001">001701233</controlfield>
	<controlfield tag="003">NNU</controlfield>
	<controlfield tag="006">m        d        </controlfield>
	<controlfield tag="007">cr cn |||m|||a</controlfield>
	<controlfield tag="008">160519m19559999ua      o     000 0carar </controlfield>
	<datafield ind1=" " ind2=" " tag="040">
		<subfield code="a">NNU</subfield>
		<subfield code="b">eng</subfield>
		<subfield code="c">NNU</subfield>
	</datafield>
	<datafield ind1=" " ind2=" " tag="043">
		<subfield code="a">a-ye---</subfield>
	</datafield>
	<datafield ind1="0" ind2=" " tag="050">
		<subfield code="a">DS247.Y47</subfield>
		<subfield code="b">Z3</subfield>
	</datafield>
	<datafield ind1=" " ind2=" " tag="066">
		<subfield code="c">(3</subfield>
		<subfield code="c">(4</subfield>
	</datafield>
	<datafield ind1=" " ind2=" " tag="090">
		<subfield code="a">DS247.Y45</subfield>
		<subfield code="b">Z3n</subfield>
	</datafield>
	<datafield ind1="1" ind2=" " tag="100">
		<subfield code="6">880-01</subfield>
		<subfield code="a">Zabārah, Muḥammad ibn Muḥammad,</subfield>
		<subfield code="d">1883-1961.</subfield>
	</datafield>
	<datafield ind1="1" ind2="0" tag="245">
		<subfield code="6">880-02</subfield>
		<subfield code="a">Aʼimmat al-Yaman bi-al-qarn al-rābiʻ lil-Hijrah wa-wafāyāt aʻlām aʻwāmihim ilá sanat 1375 H</subfield>
		<subfield code="h">[electronic resource] /</subfield>
		<subfield code="c">Min majāmīʻ Muḥammad ibn Muḥammad ibn Yaḥyá ibn ʻAbd Allāh ibn Aḥmad ibn Ismāʻīl ibn al-Ḥusayn ibn Aḥmad Zabārah al-Ḥasanī al-Ṣanʻānī.</subfield>
	</datafield>
	<datafield ind1=" " ind2=" " tag="260">
		<subfield code="6">880-03</subfield>
		<subfield code="a">[al-Qāhirah] :</subfield>
		<subfield code="b">al-Maṭabaʻah al-Salafīyah wa-Maktabatuhā,</subfield>
		<subfield code="c">1376[1955 or 6-</subfield>
	</datafield>
	<datafield ind1=" " ind2=" " tag="300">
		<subfield code="a">online resource (v.)</subfield>
	</datafield>
	<datafield ind1=" " ind2=" " tag="500">
		<subfield code="a">Forms v. 5 of the author's Aʼimmat al-Yaman. Cf. pref.</subfield>
	</datafield>
	<datafield ind1=" " ind2=" " tag="500">
		<subfield code="a">&quot;al-Imām al-Hādī Sharaf al-Dīn: daʻwatuhu sanat 1296 wa-wafātuhu sanat 1307 H. al-Imām al-Manṣūr Muḥammad ibn Yaḥyá Ḥamīd al-Dīn: daʻwatuhu 1307 wa-wafātuhu 1322. Najluhu al-Imām al-Shahīd al-Mutawakkil ʻalá Allāh Yaḥyá: daʻwatuhu 1322 wa-wafātuhu 1367. Najluhu khalīfat al-ʻaṣr al-Imām al-Nāṣir Aḥmad: daʻwatuhu 1367&quot; - t.p.</subfield>
	</datafield>
	<datafield ind1=" " ind2=" " tag="500">
		<subfield code="a">Part of the Arabic Collections Online (ACO) project, contributed by New York Univeristy Libraries.</subfield>
	</datafield>
	<datafield ind1=" " ind2=" " tag="533">
		<subfield code="a">Electronic reproduction.</subfield>
		<subfield code="b">New York, N.Y. :</subfield>
		<subfield code="c">New York University,</subfield>
		<subfield code="d">2016.</subfield>
		<subfield code="5">NNU</subfield>
	</datafield>
	<datafield ind1=" " ind2="0" tag="651">
		<subfield code="a">Yemen (Republic)</subfield>
		<subfield code="x">History.</subfield>
	</datafield>
	<datafield ind1="2" ind2=" " tag="710">
		<subfield code="a">New York University.</subfield>
		<subfield code="b">Libraries.</subfield>
	</datafield>
	<datafield ind1="0" ind2=" " tag="730">
		<subfield code="a">Arabic Collections Online.</subfield>
	</datafield>
	<datafield ind1="0" ind2="8" tag="776">
		<subfield code="i">Print version:</subfield>
		<subfield code="a">Zabārah, Muḥammad ibn Muḥammad, 1883-1961.</subfield>
		<subfield code="t">Aʼimmat al-Yaman bi-al-qarn al-rābiʻ lil-Hijrah wa-wafāyāt aʻlām aʻwāmihim ilá sanat 1375 H</subfield>
		<subfield code="w">(NNU)001701233</subfield>
		<subfield code="w">(DLC)70961056 /NE</subfield>
	</datafield>
	<datafield ind1="4" ind2="0" tag="856">
		<subfield code="u">http://hdl.handle.net/2333.1/sbcc2jw2</subfield>
	</datafield>
	<datafield ind1="1" ind2=" " tag="880">
		<subfield code="6">100-01/</subfield>
		<subfield code="a">زبارة، محمد بن محمد.</subfield>
	</datafield>
	<datafield ind1="1" ind2="0" tag="880">
		<subfield code="6">245-02/</subfield>
		<subfield code="a">أئمة اليمن بالقرن الرابع عشر للهجرة، ووفيات أعلام اعوامهم الى سنة ١٣٧٥ه /</subfield>
		<subfield code="c">من مجاميع محمد بن محمد بن يحيى بن عبد الله بن أحمد بن اسماعيل بن الحسين بن أحمد زبارة الحسني الصنعاني.</subfield>
	</datafield>
	<datafield ind1=" " ind2=" " tag="880">
		<subfield code="6">260-03/</subfield>
		<subfield code="a">[القاهرة]:</subfield>
		<subfield code="b">مطبعة السلفية ومكتباتها،</subfield>
		<subfield code="c">١٣٧٦.</subfield>
	</datafield>
	<datafield ind1=" " ind2=" " tag="959">
		<subfield code="a">NNU</subfield>
		<subfield code="b">WEB</subfield>
		<subfield code="c">GENI</subfield>
		<subfield code="t">0</subfield>
		<subfield code="m">Electronic access</subfield>
		<subfield code="s">01</subfield>
	</datafield>
	<datafield ind1=" " ind2=" " tag="999">
		<subfield code="i">NNU_001701233</subfield>
		<subfield code="s">nyu_aco001446</subfield>
	</datafield>
</record>
